<record><leader>00000cas a22000007a 4500</leader><controlfield tag="001">11377778</controlfield><controlfield tag="008">841113c19389999inudr ne      0   a0eng d</controlfield><datafield ind1=" " ind2=" " tag="010"><subfield code="a">sn 84045469 </subfield></datafield><datafield ind1=" " ind2=" " tag="040"><subfield code="a">NPI</subfield><subfield code="b">eng</subfield><subfield code="c">NPI</subfield><subfield code="d">NSD</subfield><subfield code="d">NPI</subfield><subfield code="d">IUL</subfield><subfield code="d">OCLCQ</subfield><subfield code="d">NPI</subfield><subfield code="d">OCLCQ</subfield><subfield code="d">OCLCF</subfield><subfield code="d">OCLCO</subfield></datafield><datafield ind1=" " ind2=" " tag="012"><subfield code="m">1</subfield></datafield><datafield ind1="1" ind2=" " tag="022"><subfield code="a">1047-6016</subfield><subfield code="l">1047-6016</subfield><subfield code="2">1</subfield></datafield><datafield ind1="1" ind2=" " tag="029"><subfield code="a">AU@</subfield><subfield code="b">000026373808</subfield></datafield><datafield ind1=" " ind2=" " tag="032"><subfield code="a">386260</subfield><subfield code="b">USPS</subfield></datafield><datafield ind1=" " ind2=" " tag="037"><subfield code="b">The News-Dispatch, 121 W. Michigan Blvd., Michigan City, IN 46360</subfield></datafield><datafield ind1=" " ind2=" " tag="042"><subfield code="a">msc</subfield><subfield code="a">nsdp</subfield></datafield><datafield ind1=" " ind2=" " tag="043"><subfield code="a">n-us-in</subfield></datafield><datafield ind1="0" ind2=" " tag="130"><subfield code="a">News-dispatch (Michigan City, Ind.)</subfield></datafield><datafield ind1=" " ind2="4" tag="222"><subfield code="a">The News-dispatch</subfield><subfield code="b">(Michigan City, Ind.)</subfield></datafield><datafield ind1="1" ind2="0" tag="245"><subfield code="a">News-dispatch.</subfield></datafield><datafield ind1=" " ind2=" " tag="260"><subfield code="a">Michigan City, Ind. :</subfield><subfield code="b">Herbert R. Misener,</subfield><subfield code="c">1938-</subfield></datafield><datafield ind1=" " ind2=" " tag="310"><subfield code="a">Daily,</subfield><subfield code="b">&lt;Nov. 9, 1989-&gt;</subfield></datafield><datafield ind1=" " ind2=" " tag="321"><subfield code="a">Daily (except Sun.),</subfield><subfield code="b">1938-</subfield></datafield><datafield ind1="0" ind2=" " tag="362"><subfield code="a">Vol. 1, no. 1 (June 6, 1938)-</subfield></datafield><datafield ind1=" " ind2=" " tag="500"><subfield code="a">Vols. for &lt;Nov. 9, 1989-&gt; published by: Dispatch Pub. Co.</subfield></datafield><datafield ind1=" " ind2=" " tag="580"><subfield code="a">Merger of: Michigan City news (Michigan City, Ind. : Daily); and: Evening dispatch (Michigan City, Ind.).</subfield></datafield><datafield ind1=" " ind2=" " tag="588"><subfield code="a">Latest issue consulted: Vol. 51, no. 135 (Nov. 9, 1989).</subfield></datafield><datafield ind1=" " ind2="0" tag="651"><subfield code="a">Michigan City (Ind.)</subfield><subfield code="v">Newspapers.</subfield></datafield><datafield ind1=" " ind2="7" tag="655"><subfield code="a">Newspapers.</subfield><subfield code="2">fast</subfield><subfield code="0">(OCoLC)fst01423814</subfield></datafield><datafield ind1=" " ind2="7" tag="651"><subfield code="a">Indiana</subfield><subfield code="z">Michigan City.</subfield><subfield code="2">fast</subfield><subfield code="0">(OCoLC)fst01213273</subfield></datafield><datafield ind1=" " ind2=" " tag="752"><subfield code="a">United States</subfield><subfield code="b">Indiana</subfield><subfield code="c">LaPorte</subfield><subfield code="d">Michigan City.</subfield></datafield><datafield ind1="1" ind2="4" tag="780"><subfield code="t">Michigan City news (Michigan City, Ind. : Daily)</subfield><subfield code="w">(DLC)sn 87056277</subfield></datafield><datafield ind1="1" ind2="4" tag="780"><subfield code="t">Evening dispatch (Michigan City, Ind.)</subfield><subfield code="w">(DLC)sn 87056275</subfield></datafield></record>